[
  {
    "Date": "2023-01-31",
    "Revenue": 1434271.3217158169,
    "Orders": 5722,
    "TV_Spend": 69350.53509438568,
    "Radio_Spend": 26849.4548572134,
    "Digital_Spend": 72485.3151412577,
    "Social_Spend": 41255.08247198795,
    "Print_Spend": 16884.645106729302,
    "Outdoor_Spend": 9916.142817779086,
    "NPS_Score": 81.52587191429033,
    "Stock_Value": 53.03519892307601,
    "Is_Holiday": 1,
    "Is_Sale_Day": 1,
    "Is_Payday": 2,
    "Total_Spend": 236741.1754893531,
    "TV_ROI": 20.681474479811612,
    "Radio_ROI": 53.41901090146283,
    "Digital_ROI": 19.787060578004553,
    "Social_ROI": 34.76593029936813,
    "Print_ROI": 84.94530460365993,
    "Outdoor_ROI": 144.64004281425326,
    "Overall_ROI": 6.058394019338304,
    "TV_Spend_Lag1": NaN,
    "TV_Spend_Lag2": NaN,
    "Radio_Spend_Lag1": NaN,
    "Radio_Spend_Lag2": NaN,
    "Digital_Spend_Lag1": NaN,
    "Digital_Spend_Lag2": NaN,
    "Social_Spend_Lag1": NaN,
    "Social_Spend_Lag2": NaN,
    "Print_Spend_Lag1": NaN,
    "Print_Spend_Lag2": NaN,
    "Outdoor_Spend_Lag1": NaN,
    "Outdoor_Spend_Lag2": NaN
  },
  {
    "Date": "2023-02-28",
    "Revenue": 1831704.6657977707,
    "Orders": 7313,
    "TV_Spend": 88266.46946770173,
    "Radio_Spend": 33336.75469460379,
    "Digital_Spend": 51013.21343086659,
    "Social_Spend": 54420.062558055164,
    "Print_Spend": 24656.54066328899,
    "Outdoor_Spend": 11812.485922414007,
    "NPS_Score": 75.22118889236515,
    "Stock_Value": 52.92514880160246,
    "Is_Holiday": 1,
    "Is_Sale_Day": 1,
    "Is_Payday": 2,
    "Total_Spend": 263505.52673693025,
    "TV_ROI": 20.75198744034986,
    "Radio_ROI": 54.94550032172952,
    "Digital_ROI": 35.90647486420568,
    "Social_ROI": 33.65862844872171,
    "Print_ROI": 74.28879382601257,
    "Outdoor_ROI": 155.06513005210357,
    "Overall_ROI": 6.951295058135331,
    "TV_Spend_Lag1": 69350.53509438568,
    "TV_Spend_Lag2": NaN,
    "Radio_Spend_Lag1": 26849.4548572134,
    "Radio_Spend_Lag2": NaN,
    "Digital_Spend_Lag1": 72485.3151412577,
    "Digital_Spend_Lag2": NaN,
    "Social_Spend_Lag1": 41255.08247198795,
    "Social_Spend_Lag2": NaN,
    "Print_Spend_Lag1": 16884.645106729302,
    "Print_Spend_Lag2": NaN,
    "Outdoor_Spend_Lag1": 9916.142817779086,
    "Outdoor_Spend_Lag2": NaN
  },
  {
    "Date": "2023-03-31",
    "Revenue": 2134898.143867202,
    "Orders": 8525,
    "TV_Spend": 53803.45784808978,
    "Radio_Spend": 31960.455289632457,
    "Digital_Spend": 57396.32439810342,
    "Social_Spend": 28148.222881502377,
    "Print_Spend": 22968.78553941457,
    "Outdoor_Spend": 19347.343312897756,
    "NPS_Score": 86.85689016464039,
    "Stock_Value": 55.91780822944524,
    "Is_Holiday": 0,
    "Is_Sale_Day": 1,
    "Is_Payday": 2,
    "Total_Spend": 213624.58926964033,
    "TV_ROI": 39.67957133712362,
    "Radio_ROI": 66.79811424838289,
    "Digital_ROI": 37.19572927805368,
    "Social_ROI": 75.8448642692165,
    "Print_ROI": 92.94780258206096,
    "Outdoor_ROI": 110.34580352145758,
    "Overall_ROI": 9.993691040746718,
    "TV_Spend_Lag1": 88266.46946770173,
    "TV_Spend_Lag2": 69350.53509438568,
    "Radio_Spend_Lag1": 33336.75469460379,
    "Radio_Spend_Lag2": 26849.4548572134,
    "Digital_Spend_Lag1": 51013.21343086659,
    "Digital_Spend_Lag2": 72485.3151412577,
    "Social_Spend_Lag1": 54420.062558055164,
    "Social_Spend_Lag2": 41255.08247198795,
    "Print_Spend_Lag1": 24656.54066328899,
    "Print_Spend_Lag2": 16884.645106729302,
    "Outdoor_Spend_Lag1": 11812.485922414007,
    "Outdoor_Spend_Lag2": 9916.142817779086
  },
  {
    "Date": "2023-04-30",
    "Revenue": 1875569.7180100018,
    "Orders": 7485,
    "TV_Spend": 62837.865290397334,
    "Radio_Spend": 22651.754634369147,
    "Digital_Spend": 38408.78307503612,
    "Social_Spend": 36779.59335200509,
    "Print_Spend": 22246.11737316097,
    "Outdoor_Spend": 16642.687184158924,
    "NPS_Score": 81.04398821773317,
    "Stock_Value": 52.99401246440331,
    "Is_Holiday": 1,
    "Is_Sale_Day": 1,
    "Is_Payday": 2,
    "Total_Spend": 199566.80090912755,
    "TV_ROI": 29.847763117704446,
    "Radio_ROI": 82.80019575897356,
    "Digital_ROI": 48.83179231026023,
    "Social_ROI": 50.994846518817006,
    "Print_ROI": 84.30998032370358,
    "Outdoor_ROI": 112.69632705680084,
    "Overall_ROI": 9.398205059488024,
    "TV_Spend_Lag1": 53803.45784808978,
    "TV_Spend_Lag2": 88266.46946770173,
    "Radio_Spend_Lag1": 31960.455289632457,
    "Radio_Spend_Lag2": 33336.75469460379,
    "Digital_Spend_Lag1": 57396.32439810342,
    "Digital_Spend_Lag2": 51013.21343086659,
    "Social_Spend_Lag1": 28148.222881502377,
    "Social_Spend_Lag2": 54420.062558055164,
    "Print_Spend_Lag1": 22968.78553941457,
    "Print_Spend_Lag2": 24656.54066328899,
    "Outdoor_Spend_Lag1": 19347.343312897756,
    "Outdoor_Spend_Lag2": 11812.485922414007
  },
  {
    "Date": "2023-05-31",
    "Revenue": 1922186.1049435143,
    "Orders": 7672,
    "TV_Spend": 64269.283813900445,
    "Radio_Spend": 27242.345116056622,
    "Digital_Spend": 53249.21208127126,
    "Social_Spend": 42184.38241820493,
    "Print_Spend": 12379.928653841918,
    "Outdoor_Spend": 17102.16084790956,
    "NPS_Score": 80.08983711733129,
    "Stock_Value": 53.23633836555421,
    "Is_Holiday": 1,
    "Is_Sale_Day": 1,
    "Is_Payday": 2,
    "Total_Spend": 216427.31293118472,
    "TV_ROI": 29.908316864233914,
    "Radio_ROI": 70.55876051620017,
    "Digital_ROI": 36.09792576855016,
    "Social_ROI": 45.56629716389976,
    "Print_ROI": 155.26633138931652,
    "Outdoor_ROI": 112.39434139566451,
    "Overall_ROI": 8.881439587778337,
    "TV_Spend_Lag1": 62837.865290397334,
    "TV_Spend_Lag2": 53803.45784808978,
    "Radio_Spend_Lag1": 22651.754634369147,
    "Radio_Spend_Lag2": 31960.455289632457,
    "Digital_Spend_Lag1": 38408.78307503612,
    "Digital_Spend_Lag2": 57396.32439810342,
    "Social_Spend_Lag1": 36779.59335200509,
    "Social_Spend_Lag2": 28148.222881502377,
    "Print_Spend_Lag1": 22246.11737316097,
    "Print_Spend_Lag2": 22968.78553941457,
    "Outdoor_Spend_Lag1": 16642.687184158924,
    "Outdoor_Spend_Lag2": 19347.343312897756
  },
  {
    "Date": "2023-06-30",
    "Revenue": 2095858.6209943625,
    "Orders": 8367,
    "TV_Spend": 45364.47042377832,
    "Radio_Spend": 37350.989524632794,
    "Digital_Spend": 40259.305844688635,
    "Social_Spend": 31608.601147123467,
    "Print_Spend": 15533.501044690149,
    "Outdoor_Spend": 11433.958491604448,
    "NPS_Score": 86.16933562506706,
    "Stock_Value": 56.10351141278641,
    "Is_Holiday": 0,
    "Is_Sale_Day": 1,
    "Is_Payday": 2,
    "Total_Spend": 181550.82647651783,
    "TV_ROI": 46.20044280062385,
    "Radio_ROI": 56.112532697752336,
    "Digital_ROI": 52.05898554435376,
    "Social_ROI": 66.30659203294404,
    "Print_ROI": 134.92506389670567,
    "Outdoor_ROI": 183.30122700141666,
    "Overall_ROI": 11.544197631429926,
    "TV_Spend_Lag1": 64269.283813900445,
    "TV_Spend_Lag2": 62837.865290397334,
    "Radio_Spend_Lag1": 27242.345116056622,
    "Radio_Spend_Lag2": 22651.754634369147,
    "Digital_Spend_Lag1": 53249.21208127126,
    "Digital_Spend_Lag2": 38408.78307503612,
    "Social_Spend_Lag1": 42184.38241820493,
    "Social_Spend_Lag2": 36779.59335200509,
    "Print_Spend_Lag1": 12379.928653841918,
    "Print_Spend_Lag2": 22246.11737316097,
    "Outdoor_Spend_Lag1": 17102.16084790956,
    "Outdoor_Spend_Lag2": 16642.687184158924
  },
  {
    "Date": "2023-07-31",
    "Revenue": 2065466.8176919047,
    "Orders": 8246,
    "TV_Spend": 56590.02438307657,
    "Radio_Spend": 43555.25735778621,
    "Digital_Spend": 57512.22179407655,
    "Social_Spend": 34382.32156007173,
    "Print_Spend": 18839.046078671206,
    "Outdoor_Spend": 15686.762515138487,
    "NPS_Score": 83.51029239622743,
    "Stock_Value": 55.93641296799042,
    "Is_Holiday": 1,
    "Is_Sale_Day": 1,
    "Is_Payday": 2,
    "Total_Spend": 226565.63368882076,
    "TV_ROI": 36.49877942638931,
    "Radio_ROI": 47.42175670608611,
    "Digital_ROI": 35.9135285207263,
    "Social_ROI": 60.07351231600766,
    "Print_ROI": 109.63754794518717,
    "Outdoor_ROI": 131.66941334763175,
    "Overall_ROI": 9.116417102025034,
    "TV_Spend_Lag1": 45364.47042377832,
    "TV_Spend_Lag2": 64269.283813900445,
    "Radio_Spend_Lag1": 37350.989524632794,
    "Radio_Spend_Lag2": 27242.345116056622,
    "Digital_Spend_Lag1": 40259.305844688635,
    "Digital_Spend_Lag2": 53249.21208127126,
    "Social_Spend_Lag1": 31608.601147123467,
    "Social_Spend_Lag2": 42184.38241820493,
    "Print_Spend_Lag1": 15533.501044690149,
    "Print_Spend_Lag2": 12379.928653841918,
    "Outdoor_Spend_Lag1": 11433.958491604448,
    "Outdoor_Spend_Lag2": 17102.16084790956
  },
  {
    "Date": "2023-08-31",
    "Revenue": 2211246.0668150513,
    "Orders": 8830,
    "TV_Spend": 67497.13221861403,
    "Radio_Spend": 22179.60511325867,
    "Digital_Spend": 38509.500227647666,
    "Social_Spend": 48850.07747652753,
    "Print_Spend": 23430.054913550182,
    "Outdoor_Spend": 18365.38381305246,
    "NPS_Score": 87.75048976567165,
    "Stock_Value": 57.34767595971757,
    "Is_Holiday": 1,
    "Is_Sale_Day": 1,
    "Is_Payday": 2,
    "Total_Spend": 218831.75376265054,
    "TV_ROI": 32.76059284493934,
    "Radio_ROI": 99.69726942943625,
    "Digital_ROI": 57.42079366762336,
    "Social_ROI": 45.26596847011257,
    "Print_ROI": 94.37647820177463,
    "Outdoor_ROI": 120.40293245837296,
    "Overall_ROI": 10.104776974978753,
    "TV_Spend_Lag1": 56590.02438307657,
    "TV_Spend_Lag2": 45364.47042377832,
    "Radio_Spend_Lag1": 43555.25735778621,
    "Radio_Spend_Lag2": 37350.989524632794,
    "Digital_Spend_Lag1": 57512.22179407655,
    "Digital_Spend_Lag2": 40259.305844688635,
    "Social_Spend_Lag1": 34382.32156007173,
    "Social_Spend_Lag2": 31608.601147123467,
    "Print_Spend_Lag1": 18839.046078671206,
    "Print_Spend_Lag2": 15533.501044690149,
    "Outdoor_Spend_Lag1": 15686.762515138487,
    "Outdoor_Spend_Lag2": 11433.958491604448
  },
  {
    "Date": "2023-09-30",
    "Revenue": 1947165.3409437363,
    "Orders": 7773,
    "TV_Spend": 48274.07108832173,
    "Radio_Spend": 23735.344698545763,
    "Digital_Spend": 56883.67011107794,
    "Social_Spend": 31143.026752749196,
    "Print_Spend": 27397.353254843794,
    "Outdoor_Spend": 13159.679344353226,
    "NPS_Score": 79.52091445499006,
    "Stock_Value": 56.537297614949985,
    "Is_Holiday": 1,
    "Is_Sale_Day": 1,
    "Is_Payday": 2,
    "Total_Spend": 200593.14524989165,
    "TV_ROI": 40.335635612360576,
    "Radio_ROI": 82.03653099097554,
    "Digital_ROI": 34.23065595348306,
    "Social_ROI": 62.52331722291082,
    "Print_ROI": 71.07129374256185,
    "Outdoor_ROI": 147.96449746165422,
    "Overall_ROI": 9.707038286468007,
    "TV_Spend_Lag1": 67497.13221861403,
    "TV_Spend_Lag2": 56590.02438307657,
    "Radio_Spend_Lag1": 22179.60511325867,
    "Radio_Spend_Lag2": 43555.25735778621,
    "Digital_Spend_Lag1": 38509.500227647666,
    "Digital_Spend_Lag2": 57512.22179407655,
    "Social_Spend_Lag1": 48850.07747652753,
    "Social_Spend_Lag2": 34382.32156007173,
    "Print_Spend_Lag1": 23430.054913550182,
    "Print_Spend_Lag2": 18839.046078671206,
    "Outdoor_Spend_Lag1": 18365.38381305246,
    "Outdoor_Spend_Lag2": 15686.762515138487
  },
  {
    "Date": "2023-10-31",
    "Revenue": 1938343.7015160655,
    "Orders": 7739,
    "TV_Spend": 65087.10274796729,
    "Radio_Spend": 33621.985189969884,
    "Digital_Spend": 38637.261211551784,
    "Social_Spend": 40892.34744770434,
    "Print_Spend": 16263.819908772279,
    "Outdoor_Spend": 18119.91707303332,
    "NPS_Score": 77.653862045016,
    "Stock_Value": 57.29663566451756,
    "Is_Holiday": 1,
    "Is_Sale_Day": 1,
    "Is_Payday": 2,
    "Total_Spend": 212622.4335789989,
    "TV_ROI": 29.780764847097164,
    "Radio_ROI": 57.65107832164272,
    "Digital_ROI": 50.16773033945115,
    "Social_ROI": 47.40113548127652,
    "Print_ROI": 119.18133085515622,
    "Outdoor_ROI": 106.97310002598051,
    "Overall_ROI": 9.116364952129487,
    "TV_Spend_Lag1": 48274.07108832173,
    "TV_Spend_Lag2": 67497.13221861403,
    "Radio_Spend_Lag1": 23735.344698545763,
    "Radio_Spend_Lag2": 22179.60511325867,
    "Digital_Spend_Lag1": 56883.67011107794,
    "Digital_Spend_Lag2": 38509.500227647666,
    "Social_Spend_Lag1": 31143.026752749196,
    "Social_Spend_Lag2": 48850.07747652753,
    "Print_Spend_Lag1": 27397.353254843794,
    "Print_Spend_Lag2": 23430.054913550182,
    "Outdoor_Spend_Lag1": 13159.679344353226,
    "Outdoor_Spend_Lag2": 18365.38381305246
  },
  {
    "Date": "2023-11-30",
    "Revenue": 2502075.4197087637,
    "Orders": 9992,
    "TV_Spend": 75566.78129322188,
    "Radio_Spend": 29991.148757067087,
    "Digital_Spend": 54637.99723027733,
    "Social_Spend": 41403.53636700941,
    "Print_Spend": 19461.58562228099,
    "Outdoor_Spend": 20220.865032204474,
    "NPS_Score": 83.30510889907247,
    "Stock_Value": 57.48178040096611,
    "Is_Holiday": 1,
    "Is_Sale_Day": 2,
    "Is_Payday": 2,
    "Total_Spend": 241281.91430206117,
    "TV_ROI": 33.11078461844176,
    "Radio_ROI": 83.42712844966223,
    "Digital_ROI": 45.793688395339885,
    "Social_ROI": 60.431442317628516,
    "Print_ROI": 128.56482859465532,
    "Outdoor_ROI": 123.73730875132536,
    "Overall_ROI": 10.369925267487774,
    "TV_Spend_Lag1": 65087.10274796729,
    "TV_Spend_Lag2": 48274.07108832173,
    "Radio_Spend_Lag1": 33621.985189969884,
    "Radio_Spend_Lag2": 23735.344698545763,
    "Digital_Spend_Lag1": 38637.261211551784,
    "Digital_Spend_Lag2": 56883.67011107794,
    "Social_Spend_Lag1": 40892.34744770434,
    "Social_Spend_Lag2": 31143.026752749196,
    "Print_Spend_Lag1": 16263.819908772279,
    "Print_Spend_Lag2": 27397.353254843794,
    "Outdoor_Spend_Lag1": 18119.91707303332,
    "Outdoor_Spend_Lag2": 13159.679344353226
  },
  {
    "Date": "2023-12-31",
    "Revenue": 2657837.1373242647,
    "Orders": 10618,
    "TV_Spend": 56199.47417722168,
    "Radio_Spend": 19291.269553247545,
    "Digital_Spend": 54465.63695190624,
    "Social_Spend": 31478.666831532184,
    "Print_Spend": 20741.484128971035,
    "Outdoor_Spend": 9689.458332022661,
    "NPS_Score": 74.47961408572543,
    "Stock_Value": 56.4782788263167,
    "Is_Holiday": 2,
    "Is_Sale_Day": 1,
    "Is_Payday": 2,
    "Total_Spend": 191865.98997490134,
    "TV_ROI": 47.29291823875317,
    "Radio_ROI": 137.7740915385653,
    "Digital_ROI": 48.79842201553916,
    "Social_ROI": 84.43296380842625,
    "Print_ROI": 128.1411262953881,
    "Outdoor_ROI": 274.30193167149366,
    "Overall_ROI": 13.852570419968362,
    "TV_Spend_Lag1": 75566.78129322188,
    "TV_Spend_Lag2": 65087.10274796729,
    "Radio_Spend_Lag1": 29991.148757067087,
    "Radio_Spend_Lag2": 33621.985189969884,
    "Digital_Spend_Lag1": 54637.99723027733,
    "Digital_Spend_Lag2": 38637.261211551784,
    "Social_Spend_Lag1": 41403.53636700941,
    "Social_Spend_Lag2": 40892.34744770434,
    "Print_Spend_Lag1": 19461.58562228099,
    "Print_Spend_Lag2": 16263.819908772279,
    "Outdoor_Spend_Lag1": 20220.865032204474,
    "Outdoor_Spend_Lag2": 18119.91707303332
  },
  {
    "Date": "2024-01-31",
    "Revenue": 1956360.322237672,
    "Orders": 7807,
    "TV_Spend": 77139.11920316721,
    "Radio_Spend": 23868.602042201106,
    "Digital_Spend": 69248.59812927795,
    "Social_Spend": 42699.38623253237,
    "Print_Spend": 16106.67673660073,
    "Outdoor_Spend": 13296.87754682905,
    "NPS_Score": 75.90897748826123,
    "Stock_Value": 57.821611670541394,
    "Is_Holiday": 1,
    "Is_Sale_Day": 1,
    "Is_Payday": 2,
    "Total_Spend": 242359.2598906084,
    "TV_ROI": 25.36145528295515,
    "Radio_ROI": 81.96375802733276,
    "Digital_ROI": 28.251262481666515,
    "Social_ROI": 45.81705956108414,
    "Print_ROI": 121.46269241202619,
    "Outdoor_ROI": 147.12930275154798,
    "Overall_ROI": 8.07215009288565,
    "TV_Spend_Lag1": 56199.47417722168,
    "TV_Spend_Lag2": 75566.78129322188,
    "Radio_Spend_Lag1": 19291.269553247545,
    "Radio_Spend_Lag2": 29991.148757067087,
    "Digital_Spend_Lag1": 54465.63695190624,
    "Digital_Spend_Lag2": 54637.99723027733,
    "Social_Spend_Lag1": 31478.666831532184,
    "Social_Spend_Lag2": 41403.53636700941,
    "Print_Spend_Lag1": 20741.484128971035,
    "Print_Spend_Lag2": 19461.58562228099,
    "Outdoor_Spend_Lag1": 9689.458332022661,
    "Outdoor_Spend_Lag2": 20220.865032204474
  },
  {
    "Date": "2024-02-29",
    "Revenue": 1944728.928434177,
    "Orders": 7765,
    "TV_Spend": 79692.48160656875,
    "Radio_Spend": 34378.01598391239,
    "Digital_Spend": 53852.74438544303,
    "Social_Spend": 51785.75992728494,
    "Print_Spend": 20828.21997626558,
    "Outdoor_Spend": 11942.735628521616,
    "NPS_Score": 80.96362944439923,
    "Stock_Value": 60.23130122740617,
    "Is_Holiday": 1,
    "Is_Sale_Day": 1,
    "Is_Payday": 2,
    "Total_Spend": 252479.95750799633,
    "TV_ROI": 24.402915924177726,
    "Radio_ROI": 56.56896923150646,
    "Digital_ROI": 36.111974433746,
    "Social_ROI": 37.553353106430635,
    "Print_ROI": 93.36990538078902,
    "Outdoor_ROI": 162.83781111170038,
    "Overall_ROI": 7.702508142146631,
    "TV_Spend_Lag1": 77139.11920316721,
    "TV_Spend_Lag2": 56199.47417722168,
    "Radio_Spend_Lag1": 23868.602042201106,
    "Radio_Spend_Lag2": 19291.269553247545,
    "Digital_Spend_Lag1": 69248.59812927795,
    "Digital_Spend_Lag2": 54465.63695190624,
    "Social_Spend_Lag1": 42699.38623253237,
    "Social_Spend_Lag2": 31478.666831532184,
    "Print_Spend_Lag1": 16106.67673660073,
    "Print_Spend_Lag2": 20741.484128971035,
    "Outdoor_Spend_Lag1": 13296.87754682905,
    "Outdoor_Spend_Lag2": 9689.458332022661
  },
  {
    "Date": "2024-03-31",
    "Revenue": 2062948.1550463897,
    "Orders": 8236,
    "TV_Spend": 50718.48587650911,
    "Radio_Spend": 33056.74476462494,
    "Digital_Spend": 56250.17878376152,
    "Social_Spend": 28590.665902722165,
    "Print_Spend": 20103.312268147998,
    "Outdoor_Spend": 18158.856416578306,
    "NPS_Score": 79.57882695467384,
    "Stock_Value": 59.90188032808763,
    "Is_Holiday": 1,
    "Is_Sale_Day": 1,
    "Is_Payday": 2,
    "Total_Spend": 206878.24401234405,
    "TV_ROI": 40.67448227987952,
    "Radio_ROI": 62.406270482325745,
    "Digital_ROI": 36.67451730201306,
    "Social_ROI": 72.15460325637162,
    "Print_ROI": 102.61732631567172,
    "Outdoor_ROI": 113.60562073518027,
    "Overall_ROI": 9.971798459983532,
    "TV_Spend_Lag1": 79692.48160656875,
    "TV_Spend_Lag2": 77139.11920316721,
    "Radio_Spend_Lag1": 34378.01598391239,
    "Radio_Spend_Lag2": 23868.602042201106,
    "Digital_Spend_Lag1": 53852.74438544303,
    "Digital_Spend_Lag2": 69248.59812927795,
    "Social_Spend_Lag1": 51785.75992728494,
    "Social_Spend_Lag2": 42699.38623253237,
    "Print_Spend_Lag1": 20828.21997626558,
    "Print_Spend_Lag2": 16106.67673660073,
    "Outdoor_Spend_Lag1": 11942.735628521616,
    "Outdoor_Spend_Lag2": 13296.87754682905
  },
  {
    "Date": "2024-04-30",
    "Revenue": 1890762.367793885,
    "Orders": 7550,
    "TV_Spend": 64930.03858656312,
    "Radio_Spend": 18496.480917551675,
    "Digital_Spend": 41595.31736339025,
    "Social_Spend": 36248.98226534805,
    "Print_Spend": 22188.86328995729,
    "Outdoor_Spend": 19768.07361432266,
    "NPS_Score": 79.73291440154584,
    "Stock_Value": 63.113894975632846,
    "Is_Holiday": 0,
    "Is_Sale_Day": 1,
    "Is_Payday": 2,
    "Total_Spend": 203227.75603713305,
    "TV_ROI": 29.119994519534554,
    "Radio_ROI": 102.22281612496913,
    "Digital_ROI": 45.45613515280023,
    "Social_ROI": 52.16042629702587,
    "Print_ROI": 85.21222304567745,
    "Outdoor_ROI": 95.64727472604926,
    "Overall_ROI": 9.303662081710984,
    "TV_Spend_Lag1": 50718.48587650911,
    "TV_Spend_Lag2": 79692.48160656875,
    "Radio_Spend_Lag1": 33056.74476462494,
    "Radio_Spend_Lag2": 34378.01598391239,
    "Digital_Spend_Lag1": 56250.17878376152,
    "Digital_Spend_Lag2": 53852.74438544303,
    "Social_Spend_Lag1": 28590.665902722165,
    "Social_Spend_Lag2": 51785.75992728494,
    "Print_Spend_Lag1": 20103.312268147998,
    "Print_Spend_Lag2": 20828.21997626558,
    "Outdoor_Spend_Lag1": 18158.856416578306,
    "Outdoor_Spend_Lag2": 11942.735628521616
  },
  {
    "Date": "2024-05-31",
    "Revenue": 1924919.148786648,
    "Orders": 7685,
    "TV_Spend": 74256.31666655002,
    "Radio_Spend": 22911.3059492581,
    "Digital_Spend": 54705.10183499989,
    "Social_Spend": 41797.680338868326,
    "Print_Spend": 13087.728542631241,
    "Outdoor_Spend": 15034.777445016694,
    "NPS_Score": 80.61092735381014,
    "Stock_Value": 61.924603270999114,
    "Is_Holiday": 1,
    "Is_Sale_Day": 1,
    "Is_Payday": 2,
    "Total_Spend": 221792.91077732426,
    "TV_ROI": 25.922631705940237,
    "Radio_ROI": 84.01612518508485,
    "Digital_ROI": 35.18719615206163,
    "Social_ROI": 46.053253031762985,
    "Print_ROI": 147.0781688752577,
    "Outdoor_ROI": 128.03110360803285,
    "Overall_ROI": 8.678902955195124,
    "TV_Spend_Lag1": 64930.03858656312,
    "TV_Spend_Lag2": 50718.48587650911,
    "Radio_Spend_Lag1": 18496.480917551675,
    "Radio_Spend_Lag2": 33056.74476462494,
    "Digital_Spend_Lag1": 41595.31736339025,
    "Digital_Spend_Lag2": 56250.17878376152,
    "Social_Spend_Lag1": 36248.98226534805,
    "Social_Spend_Lag2": 28590.665902722165,
    "Print_Spend_Lag1": 22188.86328995729,
    "Print_Spend_Lag2": 20103.312268147998,
    "Outdoor_Spend_Lag1": 19768.07361432266,
    "Outdoor_Spend_Lag2": 18158.856416578306
  },
  {
    "Date": "2024-06-30",
    "Revenue": 2046424.6295031032,
    "Orders": 8171,
    "TV_Spend": 48246.730989481555,
    "Radio_Spend": 34393.54574443923,
    "Digital_Spend": 38997.865889481,
    "Social_Spend": 31816.975295815508,
    "Print_Spend": 18805.579585513566,
    "Outdoor_Spend": 10514.13732773067,
    "NPS_Score": 86.97087662035649,
    "Stock_Value": 60.78713790562945,
    "Is_Holiday": 0,
    "Is_Sale_Day": 1,
    "Is_Payday": 2,
    "Total_Spend": 182774.83483246155,
    "TV_ROI": 42.41581942513891,
    "Radio_ROI": 59.500251724815854,
    "Digital_ROI": 52.47529788687978,
    "Social_ROI": 64.31864155774242,
    "Print_ROI": 108.82007758375701,
    "Outdoor_ROI": 194.63552412481144,
    "Overall_ROI": 11.196424449672925,
    "TV_Spend_Lag1": 74256.31666655002,
    "TV_Spend_Lag2": 64930.03858656312,
    "Radio_Spend_Lag1": 22911.3059492581,
    "Radio_Spend_Lag2": 18496.480917551675,
    "Digital_Spend_Lag1": 54705.10183499989,
    "Digital_Spend_Lag2": 41595.31736339025,
    "Social_Spend_Lag1": 41797.680338868326,
    "Social_Spend_Lag2": 36248.98226534805,
    "Print_Spend_Lag1": 13087.728542631241,
    "Print_Spend_Lag2": 22188.86328995729,
    "Outdoor_Spend_Lag1": 15034.777445016694,
    "Outdoor_Spend_Lag2": 19768.07361432266
  }
]
